<record><leader>00000cas a22000007a 4500</leader><controlfield tag="001">11048867</controlfield><controlfield tag="008">840813d187u1876iauwr ne      0    0eng d</controlfield><datafield ind1=" " ind2=" " tag="010"><subfield code="a">sn 84027328 </subfield></datafield><datafield ind1=" " ind2=" " tag="040"><subfield code="a">NPU</subfield><subfield code="b">eng</subfield><subfield code="c">NPU</subfield><subfield code="d">NPX</subfield><subfield code="d">INP</subfield><subfield code="d">OCLCQ</subfield></datafield><datafield ind1=" " ind2=" " tag="042"><subfield code="a">msc</subfield></datafield><datafield ind1="0" ind2="0" tag="245"><subfield code="a">Weekly reform leader.</subfield></datafield><datafield ind1=" " ind2=" " tag="260"><subfield code="a">Oskaloosa, Iowa :</subfield><subfield code="b">Porte Welch</subfield></datafield><datafield ind1=" " ind2=" " tag="300"><subfield code="a">v. ;</subfield><subfield code="c">56 cm.</subfield></datafield><datafield ind1=" " ind2=" " tag="310"><subfield code="a">Weekly</subfield></datafield><datafield ind1="1" ind2=" " tag="362"><subfield code="a">Ceased in 1876?</subfield><subfield code="z">Cf. Bibl. of Iowa newspapers.</subfield></datafield><datafield ind1=" " ind2=" " tag="500"><subfield code="a">"An independent and high-toned radical reform journal--a battlefield of free-thought and impartial investigation--a progressive conservator of democratic Republicanism."</subfield></datafield><datafield ind1=" " ind2=" " tag="515"><subfield code="a">Issues for &lt;Jan. 9, 1873&gt; called also whole no. &lt;345&gt;.</subfield></datafield><datafield ind1=" " ind2=" " tag="588"><subfield code="a">Description based on: Vol. 7, no. 27 (Jan. 9, 1873).</subfield></datafield><datafield ind1=" " ind2=" " tag="752"><subfield code="a">United States</subfield><subfield code="b">Iowa</subfield><subfield code="c">Mahaska</subfield><subfield code="d">Oskaloosa.</subfield></datafield><datafield ind1="0" ind2="0" tag="780"><subfield code="t">Iowa reform leader</subfield><subfield code="w">(DLC)sn 87058300</subfield></datafield><datafield ind1="0" ind2="0" tag="785"><subfield code="t">Welch's weekly reform leader</subfield><subfield code="w">(DLC)sn 84038390</subfield></datafield></record>